@article{petersen2014causal,
  title={Causal models and learning from data: integrating causal modeling and statistical estimation},
  author={Petersen, Maya L and van der Laan, Mark J},
  journal={Epidemiology (Cambridge, Mass.)},
  volume={25},
  number={3},
  pages={418--426},
  year={2014},
  publisher={NIH Public Access}
}

@book{hernan2020causal,
  title={Causal inference: what if},
  author={Hern{\'a}n, Miguel A and Robins, James M},
  year={2020},
  publisher={Boca Raton: Chapman \& Hall/CRC}
}

@article{young2011comparative,
  title={Comparative effectiveness of dynamic treatment regimes: an application of the parametric g-formula},
  author={Young, Jessica G and Cain, Lauren E and Robins, James M and O’Reilly, Eilis J and Hern{\'a}n, Miguel A},
  journal={Statistics in biosciences},
  volume={3},
  pages={119--143},
  year={2011},
  publisher={Springer}
}

@article{schomaker_using_2019,
	title = {Using longitudinal targeted maximum likelihood estimation in complex settings with dynamic interventions},
	volume = {38},
	number = {24},
	journal = {Statistics in medicine},
	author = {Schomaker, Michael and Luque‐Fernandez, Miguel Angel and Leroy, Valeriane and Davies, Mary-Ann},
	year = {2019},
	note = {ISBN: 0277-6715
Publisher: Wiley Online Library},
	pages = {4888--4911},
	file = {Schomaker et al. - 2019 - Using longitudinal targeted maximum likelihood est.pdf:C\:\\Users\\Katharina Ring\\Zotero\\storage\\46HBGRQ4\\Schomaker et al. - 2019 - Using longitudinal targeted maximum likelihood est.pdf:application/pdf},
}
